
@article{roy2012,
	title = {Sequential variations of phytoplankton growth and mortality in an NPZ model: A remote-sensing-based assessment},
	author = {Roy, Shovonlal and Broomhead, David S. and Platt, Trevor and Sathyendranath, Shubha and Ciavatta, Stefano},
	year = {2012},
	date = {2012},
	journal = {Journal of Marine Systems},
	pages = {16{\textendash}29},
	volume = {92},
	number = {1},
	note = {Publisher: Elsevier}
}

@article{chakraborty2008,
	title = {Nutrient-phytoplankton-zooplankton dynamics in the presence of additional food source{\textemdash}A mathematical study},
	author = {Chakraborty, Subhendu and Chattopadhyay, Joydev},
	year = {2008},
	date = {2008},
	journal = {Journal of Biological Systems},
	pages = {547{\textendash}564},
	volume = {16},
	number = {04},
	note = {Publisher: World Scientific}
}

@inbook{carlotti2000,
	title = {Modeling zooplankton dynamics},
	author = {Carlotti, Francois and Giske, J. and Werner, Felix},
	year = {2000},
	date = {2000},
	publisher = {Elsevier},
	pages = {571{\textendash}667}
}

@article{edwards1996,
	title = {Oscillatory behaviour in a three-component plankton population model},
	author = {Edwards, Andrew M. and Brindley, John},
	year = {1996},
	date = {1996},
	journal = {Dynamics and stability of Systems},
	pages = {347{\textendash}370},
	volume = {11},
	number = {4},
	note = {Publisher: Taylor & Francis}
}

@article{rudnicki2008,
	title = {Mathematical models of phytoplankton dynamics},
	author = {Rudnicki, Ryszard and Wieczorek, {Radosáaw}},
	year = {2008},
	date = {2008},
	journal = {Dynamic Biochemistry, Process Biotechnology and Molecular Biology},
	pages = {55{\textendash}63},
	volume = {2},
	number = {1}
}

@article{record2014,
	title = {The paradox of the {\textquotedblleft}paradox of the plankton{\textquotedblright}},
	author = {Record, Nicholas R. and Pershing, Andrew J. and Maps, {Frédéric}},
	year = {2014},
	date = {2014},
	journal = {ICES Journal of marine science},
	pages = {236{\textendash}240},
	volume = {71},
	number = {2},
	note = {Publisher: Oxford University Press}
}

@article{roy2012a,
	title = {Sequential variations of phytoplankton growth and mortality in an NPZ model: A remote-sensing-based assessment},
	author = {Roy, Shovonlal and Broomhead, David S. and Platt, Trevor and Sathyendranath, Shubha and Ciavatta, Stefano},
	year = {2012},
	date = {2012},
	journal = {Journal of Marine Systems},
	pages = {16{\textendash}29},
	volume = {92},
	number = {1},
	note = {Publisher: Elsevier}
}

@article{priyadarshi2022,
	title = {Understanding plankton ecosystem dynamics under realistic micro-scale variability requires modeling at least three trophic levels},
	author = {Priyadarshi, Anupam and Chandra, Ram and Kishi, Michio J. and Smith, S. Lan and Yamazaki, Hidekatsu},
	year = {2022},
	date = {2022},
	journal = {Ecological Modelling},
	pages = {109936},
	volume = {467},
	note = {Publisher: Elsevier}
}

@article{olivieri2000,
	title = {A model of plankton dynamics for the coastal upwelling system of Monterey Bay, California},
	author = {Olivieri, Rafael A. and Chavez, Francisco P.},
	year = {2000},
	date = {2000},
	journal = {Deep Sea Research Part II: Topical Studies in Oceanography},
	pages = {1077{\textendash}1106},
	volume = {47},
	number = {5-6},
	note = {Publisher: Elsevier}
}

@article{montagnes2012,
	title = {Prey-abundance affects zooplankton assimilation efficiency and the outcome of biogeochemical models},
	author = {Montagnes, David JS and Fenton, Andy},
	year = {2012},
	date = {2012},
	journal = {Ecological Modelling},
	pages = {1{\textendash}7},
	volume = {243},
	note = {Publisher: Elsevier}
}

@article{mitra2009,
	title = {Are closure terms appropriate or necessary descriptors of zooplankton loss in nutrient{\textendash}phytoplankton{\textendash}zooplankton type models?},
	author = {Mitra, Aditee},
	year = {2009},
	date = {2009},
	journal = {Ecological Modelling},
	pages = {611{\textendash}620},
	volume = {220},
	number = {5},
	note = {Publisher: Elsevier}
}

@article{mitra2007,
	title = {Accounting for grazing dynamics in nitrogen-phytoplankton-zooplankton (NPZ) models},
	author = {Mitra, Aditee and Flynn, Kevin J. and Fasham, Michael JR},
	year = {2007},
	date = {2007},
	journal = {Limnology and Oceanography},
	pages = {649{\textendash}661},
	volume = {52},
	number = {2},
	note = {Publisher: Wiley Online Library}
}

@article{merico2014,
	title = {Sustaining diversity in trait-based models of phytoplankton communities},
	author = {Merico, Agostino and Brandt, Gunnar and Smith, S. Lan and Oliver, Marcel},
	year = {2014},
	date = {2014},
	journal = {Frontiers in Ecology and Evolution},
	pages = {59},
	volume = {2},
	note = {Publisher: Frontiers Media SA}
}

@article{mandal2012,
	title = {Modeling nutrient (dissolved inorganic nitrogen) and plankton dynamics at Sagar island of Hooghly{\textendash}Matla estuarine system, West Bengal, India},
	author = {Mandal, Sudipto and Ray, Santanu and Ghosh, Phani Bhusan},
	year = {2012},
	date = {2012},
	journal = {Natural Resource Modeling},
	pages = {629{\textendash}652},
	volume = {25},
	number = {4},
	note = {Publisher: Wiley Online Library}
}

@article{lewis2005,
	title = {A simple model of plankton population dynamics coupled with a LES of the surface mixed layer},
	author = {Lewis, D. M.},
	year = {2005},
	date = {2005},
	journal = {Journal of theoretical biology},
	pages = {565{\textendash}591},
	volume = {234},
	number = {4},
	note = {Publisher: Elsevier}
}

@article{leles2016,
	title = {Evaluation of the complexity and performance of marine planktonic trophic models},
	author = {Leles, Suzana G. and VaLEntin, JEan L. and FiGuEirEdo, GiSELa M.},
	year = {2016},
	date = {2016},
	journal = {Anais da Academia Brasileira de Ciências},
	pages = {1971{\textendash}1991},
	volume = {88},
	note = {Publisher: SciELO Brasil}
}

@article{lai2010,
	title = {Impact of high-frequency nonlinear internal waves on plankton dynamics in Massachusetts Bay},
	author = {Lai, Zhigang and Chen, Changsheng and Beardsley, Robert C. and Rothschild, Brian and Tian, Rucheng},
	year = {2010},
	date = {2010},
	journal = {Journal of Marine Research},
	pages = {259{\textendash}281},
	volume = {68},
	number = {2},
	note = {Publisher: Sears Foundation for Marine Research}
}

@article{kloosterman2016,
	title = {An NPZ model with state-dependent delay due to size-structure in juvenile zooplankton},
	author = {Kloosterman, Matt and Campbell, Sue Ann and Poulin, Francis J.},
	year = {2016},
	date = {2016},
	journal = {SIAM Journal on Applied Mathematics},
	pages = {551{\textendash}577},
	volume = {76},
	number = {2},
	note = {Publisher: SIAM}
}

@article{jiang2005,
	title = {Adaptive evolution of phytoplankton cell size},
	author = {Jiang, Lin and Schofield, Oscar ME and Falkowski, Paul G.},
	year = {2005},
	date = {2005},
	journal = {The American Naturalist},
	pages = {496{\textendash}505},
	volume = {166},
	number = {4},
	note = {Publisher: The University of Chicago Press}
}

@article{giricheva2019,
	title = {Spatiotemporal dynamics of an NPZ model with prey-taxis and intratrophic predation},
	author = {Giricheva, Evgeniya},
	year = {2019},
	date = {2019},
	journal = {Nonlinear Dynamics},
	pages = {875{\textendash}892},
	volume = {95},
	number = {2},
	note = {Publisher: Springer}
}

@article{gentleman2008,
	title = {Functional responses and ecosystem dynamics: how clearance rates explain the influence of satiation, food-limitation and acclimation},
	author = {Gentleman, W. C. and Neuheimer, A. B.},
	year = {2008},
	date = {2008},
	journal = {Journal of Plankton Research},
	pages = {1215{\textendash}1231},
	volume = {30},
	number = {11},
	note = {Publisher: Oxford University Press}
}

@article{franks2002,
	title = {NPZ models of plankton dynamics: their construction, coupling to physics, and application},
	author = {Franks, Peter JS},
	year = {2002},
	date = {2002},
	journal = {Journal of Oceanography},
	pages = {379{\textendash}387},
	volume = {58},
	note = {Publisher: Springer}
}

@article{edwards2001,
	title = {Adding detritus to a nutrient{\textendash}phytoplankton{\textendash}zooplankton model: a dynamical-systems approach},
	author = {Edwards, Andrew M.},
	year = {2001},
	date = {2001},
	journal = {Journal of Plankton Research},
	pages = {389{\textendash}413},
	volume = {23},
	number = {4},
	note = {Publisher: Oxford University Press}
}

@article{edwards2000,
	title = {The stability of an NPZ model subject to realistic levels of vertical mixing},
	author = {Edwards, Christopher A. and Powell, Thomas A. and Batchelder, Harold P.},
	year = {2000},
	date = {2000},
	journal = {Journal of Marine Research},
	pages = {37{\textendash}60},
	volume = {58},
	number = {1},
	note = {Publisher: Sears Foundation for Marine Research}
}

@article{daewel2014,
	title = {Predation control of zooplankton dynamics: a review of observations and models},
	author = {Daewel, Ute and {Hjøllo}, {Solfrid Sætre} and Huret, Martin and Ji, Rubao and Maar, Marie and Niiranen, Susa and Travers-Trolet, Morgane and Peck, Myron A. and van de Wolfshaar, Karen E.},
	year = {2014},
	date = {2014},
	journal = {ICES Journal of Marine Science},
	pages = {254{\textendash}271},
	volume = {71},
	number = {2},
	note = {Publisher: Oxford University Press}
}

@article{qiu2016,
	title = {Complex dynamics of a nutrient-plankton system with nonlinear phytoplankton mortality and allelopathy},
	author = {Qiu, Zhipeng and Zhu, Huaiping},
	year = {2016},
	date = {2016},
	journal = {Discrete and Continuous Dynamical Systems{\textemdash}Series B},
	pages = {2703{\textendash}2728},
	volume = {21},
	number = {8}
}

@article{rani2010,
	title = {A Minimal Model for Plankton Dynamics in Shallow Coastal Lagoons-Chilika Lagoon, A Case Study.},
	author = {Rani, Raj and Jayaraman, Girija},
	year = {2010},
	date = {2010},
	journal = {International Journal of Emerging Multidisciplinary Fluid Sciences},
	volume = {2}
}

@article{sanson2009,
	title = {The effects of abrupt topography on plankton dynamics},
	author = {Sanson, L. Zavala and Provenzale, A.},
	year = {2009},
	date = {2009},
	journal = {Theoretical population biology},
	pages = {258{\textendash}267},
	volume = {76},
	number = {4},
	note = {Publisher: Elsevier}
}

@article{serra-pompei2020,
	title = {A general size-and trait-based model of plankton communities},
	author = {Serra-Pompei, Camila and Soudijn, Floor and Visser, {André W.} and {Kiørboe}, Thomas and Andersen, Ken H.},
	year = {2020},
	date = {2020},
	journal = {Progress in Oceanography},
	pages = {102473},
	volume = {189},
	note = {Publisher: Elsevier}
}

@article{steele1992,
	title = {The role of predation in plankton models},
	author = {Steele, John H. and Henderson, Eric W.},
	year = {1992},
	date = {1992},
	journal = {Journal of Plankton Research},
	pages = {157{\textendash}172},
	volume = {14},
	number = {1},
	note = {Publisher: Oxford University Press}
}

@article{turner2014,
	title = {Comparing performance of five nutrient phytoplankton zooplankton (NPZ) models in coastal lagoons},
	author = {Turner, Evan L. and Bruesewitz, Denise A. and Mooney, Rae F. and Montagna, Paul A. and McClelland, James W. and Sadovski, Alexey and Buskey, Edward J.},
	year = {2014},
	date = {2014},
	journal = {Ecological modelling},
	pages = {13{\textendash}26},
	volume = {277},
	note = {Publisher: Elsevier}
}
